%%%%%%%%%%%%%%%%%%%%%%%%%%%%%%%%%%%%%%%%%%%%%%%%%
% USE ALPHABETIC/Chronological ORDER!
%%%%%%%%%%%%%%%%%%%%%%%%%%%%%%%%%%%%%%%%%%%%%%%%%

%%%%%%%%%%%%%%%%%%%%%%%%%%%%%%%%%%%%%%%%%%%%%%%%% A %%%%%%%%%%%%%%%%%%%%%%%%%%%%%%%%%%%%%%%%%%%%%%%%% 
@article{Ahrens:2008qu,
    author = "Ahrens, Valentin and Becher, Thomas and Neubert, Matthias and Yang, Li Lin",
    title = "{Origin of the Large Perturbative Corrections to Higgs Production at Hadron Colliders}",
    eprint = "0808.3008",
    archivePrefix = "arXiv",
    primaryClass = "hep-ph",
    reportNumber = "FERMILAB-PUB-08-310-T, MZ-TH-08-25",
    doi = "10.1103/PhysRevD.79.033013",
    journal = "Phys. Rev. D",
    volume = "79",
    pages = "033013",
    year = "2009"
}

@article{Ahrens:2009cxz,
    author = "Ahrens, Valentin and Becher, Thomas and Neubert, Matthias and Yang, Li Lin",
    title = "{Renormalization-Group Improved Prediction for Higgs Production at Hadron Colliders}",
    eprint = "0809.4283",
    archivePrefix = "arXiv",
    primaryClass = "hep-ph",
    reportNumber = "FERMILAB-PUB-08-403-T, MZ-TH-08-27, ZU-TH-15-08",
    doi = "10.1140/epjc/s10052-009-1030-2",
    journal = "Eur. Phys. J. C",
    volume = "62",
    pages = "333--353",
    year = "2009"
}


%%%%%%%%%%%%%%%%%%%%%%%%%%%%%%%%%%%%%%%%%%%%%%%%% B %%%%%%%%%%%%%%%%%%%%%%%%%%%%%%%%%%%%%%%%%%%%%%%%%
@article{Bacchetta:2006tn,
    author = "Bacchetta, Alessandro and Diehl, Markus and Goeke, Klaus and Metz, Andreas and Mulders, Piet J. and Schlegel, Marc",
    title = "{Semi-inclusive deep inelastic scattering at small transverse momentum}",
    eprint = "hep-ph/0611265",
    archivePrefix = "arXiv",
    reportNumber = "DESY-06-204",
    doi = "10.1088/1126-6708/2007/02/093",
    journal = "JHEP",
    volume = "02",
    pages = "093",
    year = "2007"
}

@article{Boer:2011xd,
    author = "Boer, Daniel and Gamberg, Leonard and Musch, Bernhard and Prokudin, Alexei",
    title = "{Bessel-Weighted Asymmetries in Semi Inclusive Deep Inelastic Scattering}",
    eprint = "1107.5294",
    archivePrefix = "arXiv",
    primaryClass = "hep-ph",
    reportNumber = "JLAB-THY-11-1327",
    doi = "10.1007/JHEP10(2011)021",
    journal = "JHEP",
    volume = "10",
    pages = "021",
    year = "2011"
}

@article{Buckley:2014ana,
    author = {Buckley, Andy and Ferrando, James and Lloyd, Stephen and Nordstr\"om, Karl and Page, Ben and R\"ufenacht, Martin and Sch\"onherr, Marek and Watt, Graeme},
    title = "{LHAPDF6: parton density access in the LHC precision era}",
    eprint = "1412.7420",
    archivePrefix = "arXiv",
    primaryClass = "hep-ph",
    reportNumber = "GLAS-PPE-2014-05, MCNET-14-29, IPPP-14-111, DCPT-14-222",
    doi = "10.1140/epjc/s10052-015-3318-8",
    journal = "Eur. Phys. J. C",
    volume = "75",
    pages = "132",
    year = "2015"
}

%%%%%%%%%%%%%%%%%%%%%%%%%%%%%%%%%%%%%%%%%%%%%%%%% C %%%%%%%%%%%%%%%%%%%%%%%%%%%%%%%%%%%%%%%%%%%%%%%%%

@book{Collins:2011zzd,
    author = "Collins, John",
    title = "{Foundations of perturbative QCD}",
    isbn = "978-1-107-64525-7, 978-1-107-64525-7, 978-0-521-85533-4, 978-1-139-09782-6",
    publisher = "Cambridge University Press",
    volume = "32",
    month = "11",
    year = "2013"
}

%%%%%%%%%%%%%%%%%%%%%%%%%%%%%%%%%%%%%%%%%%%%%%%%% D %%%%%%%%%%%%%%%%%%%%%%%%%%%%%%%%%%%%%%%%%%%%%%%%%

%%%%%%%%%%%%%%%%%%%%%%%%%%%%%%%%%%%%%%%%%%%%%%%%% E %%%%%%%%%%%%%%%%%%%%%%%%%%%%%%%%%%%%%%%%%%%%%%%%%

@article{Echevarria:2015byo,
    author = "Echevarria, Miguel G. and Scimemi, Ignazio and Vladimirov, Alexey",
    title = "{Universal transverse momentum dependent soft function at NNLO}",
    eprint = "1511.05590",
    archivePrefix = "arXiv",
    primaryClass = "hep-ph",
    reportNumber = "NIKHEF-2015-34",
    doi = "10.1103/PhysRevD.93.054004",
    journal = "Phys. Rev. D",
    volume = "93",
    number = "5",
    pages = "054004",
    year = "2016"
}

@article{Echevarria:2015usa,
    author = "Echevarria, Miguel G. and Scimemi, Ignazio and Vladimirov, Alexey",
    title = "{Transverse momentum dependent fragmentation function at next-to\textendash{}next-to\textendash{}leading order}",
    eprint = "1509.06392",
    archivePrefix = "arXiv",
    primaryClass = "hep-ph",
    reportNumber = "NIKHEF-2015-028",
    doi = "10.1103/PhysRevD.93.011502",
    journal = "Phys. Rev. D",
    volume = "93",
    number = "1",
    pages = "011502",
    year = "2016",
    note = "[Erratum: Phys.Rev.D 94, 099904 (2016)]"
}

@article{Echevarria:2016scs,
    author = "Echevarria, Miguel G. and Scimemi, Ignazio and Vladimirov, Alexey",
    title = "{Unpolarized Transverse Momentum Dependent Parton Distribution and Fragmentation Functions at next-to-next-to-leading order}",
    eprint = "1604.07869",
    archivePrefix = "arXiv",
    primaryClass = "hep-ph",
    doi = "10.1007/JHEP09(2016)004",
    journal = "JHEP",
    volume = "09",
    pages = "004",
    year = "2016"
}

%%%%%%%%%%%%%%%%%%%%%%%%%%%%%%%%%%%%%%%%%%%%%%%%% F %%%%%%%%%%%%%%%%%%%%%%%%%%%%%%%%%%%%%%%%%%%%%%%%%
%%%%%%%%%%%%%%%%%%%%%%%%%%%%%%%%%%%%%%%%%%%%%%%%% G %%%%%%%%%%%%%%%%%%%%%%%%%%%%%%%%%%%%%%%%%%%%%%%%%
@article{Gehrmann:2010ue,
    author = "Gehrmann, T. and Glover, E. W. N. and Huber, T. and Ikizlerli, N. and Studerus, C.",
    title = "{Calculation of the quark and gluon form factors to three loops in QCD}",
    eprint = "1004.3653",
    archivePrefix = "arXiv",
    primaryClass = "hep-ph",
    reportNumber = "ZU-TH-07-10, IPPP-10-26, SI-HEP-2010-09, ZU--TH-07-10",
    doi = "10.1007/JHEP06(2010)094",
    journal = "JHEP",
    volume = "06",
    pages = "094",
    year = "2010"
}


@article{Gutierrez-Reyes:2017glx,
    author = "Guti\'errez-Reyes, Daniel and Scimemi, Ignazio and Vladimirov, Alexey A.",
    title = "{Twist-2 matching of transverse momentum dependent distributions}",
    eprint = "1702.06558",
    archivePrefix = "arXiv",
    primaryClass = "hep-ph",
    doi = "10.1016/j.physletb.2017.03.031",
    journal = "Phys. Lett. B",
    volume = "769",
    pages = "84--89",
    year = "2017"
}

@article{Gutierrez-Reyes:2018iod,
    author = "Gutierrez-Reyes, Daniel and Scimemi, Ignazio and Vladimirov, Alexey",
    title = "{Transverse momentum dependent transversely polarized distributions at next-to-next-to-leading-order}",
    eprint = "1805.07243",
    archivePrefix = "arXiv",
    primaryClass = "hep-ph",
    doi = "10.1007/JHEP07(2018)172",
    journal = "JHEP",
    volume = "07",
    pages = "172",
    year = "2018"
}


@article{Gutierrez-Reyes:2019rug,
    author = "Gutierrez-Reyes, Daniel and Leal-Gomez, Sergio and Scimemi, Ignazio and Vladimirov, Alexey",
    title = "{Linearly polarized gluons at next-to-next-to leading order and the Higgs transverse momentum distribution}",
    eprint = "1907.03780",
    archivePrefix = "arXiv",
    primaryClass = "hep-ph",
    reportNumber = "UWThPh-2019-23",
    doi = "10.1007/JHEP11(2019)121",
    journal = "JHEP",
    volume = "11",
    pages = "121",
    year = "2019"
}


%%%%%%%%%%%%%%%%%%%%%%%%%%%%%%%%%%%%%%%%%%%%%%%%% H %%%%%%%%%%%%%%%%%%%%%%%%%%%%%%%%%%%%%%%%%%%%%%%%%

%%%%%%%%%%%%%%%%%%%%%%%%%%%%%%%%%%%%%%%%%%%%%%%%% I %%%%%%%%%%%%%%%%%%%%%%%%%%%%%%%%%%%%%%%%%%%%%%%%%

%%%%%%%%%%%%%%%%%%%%%%%%%%%%%%%%%%%%%%%%%%%%%%%%% J %%%%%%%%%%%%%%%%%%%%%%%%%%%%%%%%%%%%%%%%%%%%%%%%%

%%%%%%%%%%%%%%%%%%%%%%%%%%%%%%%%%%%%%%%%%%%%%%%%% K %%%%%%%%%%%%%%%%%%%%%%%%%%%%%%%%%%%%%%%%%%%%%%%%%

%%%%%%%%%%%%%%%%%%%%%%%%%%%%%%%%%%%%%%%%%%%%%%%%% L %%%%%%%%%%%%%%%%%%%%%%%%%%%%%%%%%%%%%%%%%%%%%%%%%

@article{Luo:2020epw,
    author = "Luo, Ming-xing and Yang, Tong-Zhi and Zhu, Hua Xing and Zhu, Yu Jiao",
    title = "{Unpolarized quark and gluon TMD PDFs and FFs at N$^{3}$LO}",
    eprint = "2012.03256",
    archivePrefix = "arXiv",
    primaryClass = "hep-ph",
    doi = "10.1007/JHEP06(2021)115",
    journal = "JHEP",
    volume = "06",
    pages = "115",
    year = "2021"
}

%%%%%%%%%%%%%%%%%%%%%%%%%%%%%%%%%%%%%%%%%%%%%%%%% M %%%%%%%%%%%%%%%%%%%%%%%%%%%%%%%%%%%%%%%%%%%%%%%%%
@article{Moos:2020wvd,
    author = "Moos, Valentin and Vladimirov, Alexey",
    title = "{Calculation of transverse momentum dependent distributions beyond the leading power}",
    eprint = "2008.01744",
    archivePrefix = "arXiv",
    primaryClass = "hep-ph",
    doi = "10.1007/JHEP12(2020)145",
    journal = "JHEP",
    volume = "12",
    pages = "145",
    year = "2020"
}

@article{Moos:2023yfa,
    author = "Moos, Valentin and Scimemi, Ignazio and Vladimirov, Alexey and Zurita, Pia",
    title = "{Extraction of unpolarized transverse momentum distributions from fit of Drell-Yan data at N$^4$LL}",
    eprint = "2305.07473",
    archivePrefix = "arXiv",
    primaryClass = "hep-ph",
    reportNumber = "IPARCOS-UCM-035",
    month = "5",
    year = "2023"
}

%%%%%%%%%%%%%%%%%%%%%%%%%%%%%%%%%%%%%%%%%%%%%%%%% N %%%%%%%%%%%%%%%%%%%%%%%%%%%%%%%%%%%%%%%%%%%%%%%%%
%%%%%%%%%%%%%%%%%%%%%%%%%%%%%%%%%%%%%%%%%%%%%%%%% O %%%%%%%%%%%%%%%%%%%%%%%%%%%%%%%%%%%%%%%%%%%%%%%%%
%%%%%%%%%%%%%%%%%%%%%%%%%%%%%%%%%%%%%%%%%%%%%%%%% P %%%%%%%%%%%%%%%%%%%%%%%%%%%%%%%%%%%%%%%%%%%%%%%%%

%%%%%%%%%%%%%%%%%%%%%%%%%%%%%%%%%%%%%%%%%%%%%%%%% Q %%%%%%%%%%%%%%%%%%%%%%%%%%%%%%%%%%%%%%%%%%%%%%%%%

%%%%%%%%%%%%%%%%%%%%%%%%%%%%%%%%%%%%%%%%%%%%%%%%% R %%%%%%%%%%%%%%%%%%%%%%%%%%%%%%%%%%%%%%%%%%%%%%%%%
@article{Rein:2022odl,
    author = {Rein, Felix and Rodini, Simone and Sch\"afer, Andreas and Vladimirov, Alexey},
    title = "{Sivers, Boer-Mulders and worm-gear distributions at next-to-leading order}",
    eprint = "2209.00962",
    archivePrefix = "arXiv",
    primaryClass = "hep-ph",
    month = "9",
    year = "2022"
}

@article{Rodini:2022wki,
    author = "Rodini, Simone and Vladimirov, Alexey",
    title = "{Definition and evolution of transverse momentum dependent distribution of twist-three}",
    eprint = "2204.03856",
    archivePrefix = "arXiv",
    primaryClass = "hep-ph",
    month = "4",
    year = "2022"
}

@article{Rodini:2022wic,
    author = "Rodini, Simone and Vladimirov, Alexey",
    title = "{Factorization for quasi-TMD distributions of sub-leading power}",
    eprint = "2211.04494",
    archivePrefix = "arXiv",
    primaryClass = "hep-ph",
    month = "11",
    year = "2022"
}


%%%%%%%%%%%%%%%%%%%%%%%%%%%%%%%%%%%%%%%%%%%%%%%%% S %%%%%%%%%%%%%%%%%%%%%%%%%%%%%%%%%%%%%%%%%%%%%%%%%

@article{Scimemi:2017etj,
    author = "Scimemi, Ignazio and Vladimirov, Alexey",
    title = "{Analysis of vector boson production within TMD factorization}",
    eprint = "1706.01473",
    archivePrefix = "arXiv",
    primaryClass = "hep-ph",
    doi = "10.1140/epjc/s10052-018-5557-y",
    journal = "Eur. Phys. J. C",
    volume = "78",
    number = "2",
    pages = "89",
    year = "2018"
}

@article{Scimemi:2018mmi,
    author = "Scimemi, Ignazio and Vladimirov, Alexey",
    title = "{Matching of transverse momentum dependent distributions at twist-3}",
    eprint = "1804.08148",
    archivePrefix = "arXiv",
    primaryClass = "hep-ph",
    doi = "10.1140/epjc/s10052-018-6263-5",
    journal = "Eur. Phys. J. C",
    volume = "78",
    number = "10",
    pages = "802",
    year = "2018"
}

@article{Scimemi:2018xaf,
    author = "Scimemi, Ignazio and Vladimirov, Alexey",
    title = "{Systematic analysis of double-scale evolution}",
    eprint = "1803.11089",
    archivePrefix = "arXiv",
    primaryClass = "hep-ph",
    doi = "10.1007/JHEP08(2018)003",
    journal = "JHEP",
    volume = "08",
    pages = "003",
    year = "2018"
}

@article{Scimemi:2019gge,
    author = "Scimemi, Ignazio and Tarasov, Andrey and Vladimirov, Alexey",
    title = "{Collinear matching for Sivers function at next-to-leading order}",
    eprint = "1901.04519",
    archivePrefix = "arXiv",
    primaryClass = "hep-ph",
    doi = "10.1007/JHEP05(2019)125",
    journal = "JHEP",
    volume = "05",
    pages = "125",
    year = "2019"
}

@article{Scimemi:2019cmh,
    author = "Scimemi, Ignazio and Vladimirov, Alexey",
    title = "{Non-perturbative structure of semi-inclusive deep-inelastic and Drell-Yan scattering at small transverse momentum}",
    eprint = "1912.06532",
    archivePrefix = "arXiv",
    primaryClass = "hep-ph",
    doi = "10.1007/JHEP06(2020)137",
    journal = "JHEP",
    volume = "06",
    pages = "137",
    year = "2020"
}


@article{Shtabovenko:2020gxv,
    author = "Shtabovenko, Vladyslav and Mertig, Rolf and Orellana, Frederik",
    title = "{FeynCalc 9.3: New features and improvements}",
    eprint = "2001.04407",
    archivePrefix = "arXiv",
    primaryClass = "hep-ph",
    reportNumber = "P3H-20-002, TTP19-020, TUM-EFT 130/19",
    doi = "10.1016/j.cpc.2020.107478",
    journal = "Comput. Phys. Commun.",
    volume = "256",
    pages = "107478",
    year = "2020"
}


%%%%%%%%%%%%%%%%%%%%%%%%%%%%%%%%%%%%%%%%%%%%%%%%% T %%%%%%%%%%%%%%%%%%%%%%%%%%%%%%%%%%%%%%%%%%%%%%%%%


%%%%%%%%%%%%%%%%%%%%%%%%%%%%%%%%%%%%%%%%%%%%%%%%% U %%%%%%%%%%%%%%%%%%%%%%%%%%%%%%%%%%%%%%%%%%%%%%%%%
%%%%%%%%%%%%%%%%%%%%%%%%%%%%%%%%%%%%%%%%%%%%%%%%% V %%%%%%%%%%%%%%%%%%%%%%%%%%%%%%%%%%%%%%%%%%%%%%%%%

@article{Vladimirov:2016dll,
    author = "Vladimirov, Alexey A.",
    title = "{Correspondence between Soft and Rapidity Anomalous Dimensions}",
    eprint = "1610.05791",
    archivePrefix = "arXiv",
    primaryClass = "hep-ph",
    doi = "10.1103/PhysRevLett.118.062001",
    journal = "Phys. Rev. Lett.",
    volume = "118",
    number = "6",
    pages = "062001",
    year = "2017"
}


@article{Vladimirov:2017ksc,
    author = "Vladimirov, Alexey",
    title = "{Structure of rapidity divergences in multi-parton scattering soft factors}",
    eprint = "1707.07606",
    archivePrefix = "arXiv",
    primaryClass = "hep-ph",
    doi = "10.1007/JHEP04(2018)045",
    journal = "JHEP",
    volume = "04",
    pages = "045",
    year = "2018"
}

@article{Vladimirov:2020umg,
    author = "Vladimirov, Alexey A.",
    title = "{Self-contained definition of the Collins-Soper kernel}",
    eprint = "2003.02288",
    archivePrefix = "arXiv",
    primaryClass = "hep-ph",
    doi = "10.1103/PhysRevLett.125.192002",
    journal = "Phys. Rev. Lett.",
    volume = "125",
    number = "19",
    pages = "192002",
    year = "2020"
}

@article{Vladimirov:2020ofp,
    author = {Vladimirov, Alexey A. and Sch\"afer, Andreas},
    title = "{Transverse momentum dependent factorization for lattice observables}",
    eprint = "2002.07527",
    archivePrefix = "arXiv",
    primaryClass = "hep-ph",
    doi = "10.1103/PhysRevD.101.074517",
    journal = "Phys. Rev. D",
    volume = "101",
    number = "7",
    pages = "074517",
    year = "2020"
}


@article{Vladimirov:2021hdn,
    author = "Vladimirov, Alexey and Moos, Valentin and Scimemi, Ignazio",
    title = "{Transverse momentum dependent operator expansion at next-to-leading power}",
    eprint = "2109.09771",
    archivePrefix = "arXiv",
    primaryClass = "hep-ph",
    month = "9",
    year = "2021"
}



%%%%%%%%%%%%%%%%%%%%%%%%%%%%%%%%%%%%%%%%%%%%%%%%% W %%%%%%%%%%%%%%%%%%%%%%%%%%%%%%%%%%%%%%%%%%%%%%%%%

%%%%%%%%%%%%%%%%%%%%%%%%%%%%%%%%%%%%%%%%%%%%%%%%% X %%%%%%%%%%%%%%%%%%%%%%%%%%%%%%%%%%%%%%%%%%%%%%%%%
%%%%%%%%%%%%%%%%%%%%%%%%%%%%%%%%%%%%%%%%%%%%%%%%% Y %%%%%%%%%%%%%%%%%%%%%%%%%%%%%%%%%%%%%%%%%%%%%%%%%

%%%%%%%%%%%%%%%%%%%%%%%%%%%%%%%%%%%%%%%%%%%%%%%%% Z %%%%%%%%%%%%%%%%%%%%%%%%%%%%%%%%%%%%%%%%%%%%%%%%%

